@misc{statisca_Iot_forecast,
    author = "Statista.com",
    title = "Internet of Things (IoT) connected devices installed base worldwide from 2015 to 2025",
    howpublished = "\url{https://www.statista.com/statistics/471264/iot-number-of-connected-devices-worldwide/}",
    note = "Last accessed: 31 January 2020."

}
@misc{ericsson_mobility_report,
    title = "Ericsson Mobility Report",
    howpublished = "\url{https://www.ericsson.com/4acd7e/assets/local/mobility-report/documents/2019/emr-november-2019.pdf}",
    note = "Last accessed: 31 January 2020."

}
@misc{use_case_ambulance,
    author="EMS",
    title = "5G ambulance could allow doctors to remotely guide paramedics",
    howpublished = "\url{https://www.ems1.com/ems-products/communications/articles/5g-ambulance-could-allow-doctors-to-remotely-guide-paramedics-blgntT6g1LmulVY6/}",
    note = "Last accessed: 31 January 2020."
}

@article{offloading-jou,
  title={Mobile data offloading through opportunistic communications and social participation},
  author={Han, Bo and Hui, Pan and Kumar, VS Anil and Marathe, Madhav V and Shao, Jianhua and Srinivasan, Aravind},
  journal={IEEE Transactions on mobile computing},
  volume={11},
  number={5},
  pages={821--834},
  year={2011},
  publisher={IEEE}
}
@misc{line2,
    title = "Line2 Application",
    howpublished = "\url{https://www.line2.com/}",
    note = "Last accessed: 02 February 2020."
}
@misc{ipass,
    title = "iPass Connect",
    howpublished = "\url{https://www.ipass.com/}",
    note = "Last accessed: 02 February 2020."
}
@inproceedings{balasubramanian,
  title={Augmenting mobile 3G using WiFi},
  author={Balasubramanian, Aruna and Mahajan, Ratul and Venkataramani, Arun},
  booktitle={Proceedings of the 8th international conference on Mobile systems, applications, and services},
  pages={209--222},
  year={2010}
}
@inproceedings{traffic_steering,
  title={Device-controlled traffic steering in mobile networks},
  author={Jiang, Menglan},
  booktitle={2015 9th International Conference on Next Generation Mobile Applications, Services and Technologies},
  pages={7--12},
  year={2015},
  organization={IEEE}
}

